
@book{test_test_2024,
	series = {1},
	title = {Test},
	volume = {1},
	language = {ENG},
	number = {12},
	publisher = {test},
	author = {Test},
	month = jan,
	year = {2024},
}
